% This file was created with JabRef 2.9.2.
% Encoding: Cp1250

@webpage{TD3MathWorks,
  author = {The MathWorks, Inc.},
  month = {3},
  year = {2022},
  title = {Twin-Delayed Deep Deterministic Policy Gradient Agents},
  language = {EN},
  howpublished = {documentation (english)},
  url = {https://www.mathworks.com/help/reinforcement-learning/ug/td3-agents.html},
  owner = {The MathWorks, Inc.},
  timestamp = {2022.05.28}
}

@inproceedings{todorov2012mujoco,
  title={MuJoCo: A physics engine for model-based control},
  author={Todorov, Emanuel and Erez, Tom and Tassa, Yuval},
  booktitle={2012 IEEE/RSJ International Conference on Intelligent Robots and Systems},
  pages={5026--5033},
  year={2012},
  organization={IEEE},
  doi={10.1109/IROS.2012.6386109}
}

@article{tunyasuvunakool2020,
    title = {dm\_control: Software and tasks for continuous control},
    journal = {Software Impacts},
    volume = {6},
    pages = {100022},
    year = {2020},
    issn = {2665-9638},
    doi = {https://doi.org/10.1016/j.simpa.2020.100022},
    url = {https://www.sciencedirect.com/science/article/pii/S2665963820300099},
    author = {Saran Tunyasuvunakool and Alistair Muldal and Yotam Doron and Siqi Liu and Steven Bohez and Josh Merel and Tom Erez and Timothy Lillicrap and Nicolas Heess and Yuval Tassa},
}
